<?xml version="1.0" encoding="UTF-8"?><collection xmlns="http://www.loc.gov/MARC21/slim"><record><leader>00376nam--2200133-i-4500</leader><controlfield tag="001">000034893</controlfield><controlfield tag="002">20161230</controlfield><controlfield tag="005">20161230201040</controlfield><controlfield tag="008">060222s1000------------r-----000-0-eng-d</controlfield><datafield ind1=" " ind2=" " tag="100"><subfield code="a">Norstebo, Sigurd</subfield></datafield><datafield ind1=" " ind2=" " tag="245"><subfield code="a">Innstiling og tenking to psykologiske etterrokingar</subfield></datafield><datafield ind1=" " ind2=" " tag="260"><subfield code="a">Trondheim, F.Bruns Bokhandel, 1959, 64p</subfield></datafield><datafield ind1=" " ind2=" " tag="490"><subfield code="a">Det Kgl.Norske Vid.Selsk,Skrift</subfield></datafield><datafield ind1=" " ind2=" " tag="852"><subfield code="a">13695</subfield></datafield></record></collection>